%{% raw %}
% Add your bibtex items here:
@ARTICLE{2018arXiv181200515L,
   author = {{Lochner}, M. and {Scolnic}, D.~M. and {Awan}, H. and {Regnault}, N. and 
	{Gris}, P. and {Mandelbaum}, R. and {Gawiser}, E. and {Almoubayyed}, H. and 
	{Setzer}, C.~N. and {Huber}, S. and {Graham}, M.~L. and {Hlo{\v z}ek}, R. and 
	{Biswas}, R. and {Eifler}, T. and {Rothchild}, D. and {Allam}, Jr, T. and 
	{Blazek}, J. and {Chang}, C. and {Collett}, T. and {Goobar}, A. and 
	{Hook}, I.~M. and {Jarvis}, M. and {Jha}, S.~W. and {Kim}, A.~G. and 
	{Marshall}, P. and {McEwen}, J.~D. and {Moniez}, M. and {Newman}, J.~A. and 
	{Peiris}, H.~V. and {Petrushevska}, T. and {Rhodes}, J. and 
	{Sevilla-Noarbe}, I. and {Slosar}, A. and {Suyu}, S.~H. and 
	{Tyson}, J.~A. and {Yoachim}, P.},
    title = "{Optimizing the LSST Observing Strategy for Dark Energy Science: DESC Recommendations for the Wide-Fast-Deep Survey}",
  journal = {arXiv e-prints},
archivePrefix = "arXiv",
   eprint = {1812.00515},
 primaryClass = "astro-ph.IM",
 keywords = {Astrophysics - Instrumentation and Methods for Astrophysics},
     year = 2018,
    month = nov,
   adsurl = {http://cdsads.u-strasbg.fr/abs/2018arXiv181200515L},
  adsnote = {Provided by the SAO/NASA Astrophysics Data System}
}
@article{LSE40,
    author =       {{Ivezic}, Z. and {Jones}, L. and {Lupton},R.},
    title =        "The LSST Photon Rates and SNR Calculations, v1.2",
    journal =      "LSE-40",
    year =         "2010",
}

%{% endraw %}
